@ARTICLE{garcia2019-incenter,
    author = {Garcia, Ronaldo},
    title = {Elliptic Billiards and Ellipses Associated to the 3-Periodic Orbits},
    journal = {American Mathematical Monthly},
    volume={126},
    number={06},
    pages={491--504},
    url={doi.org/10.1080/00029890.2019.1593087},
    year = {2019}
}

@article{reznik2020-intelligencer,
title={Can the Elliptic Billiard still surprise us?},
author={Reznik, Dan and Garcia, Ronaldo and Koiller, Jair},
journal={Math Intelligencer},
day={12},
month={12},
year={2019},
volume={42},
url={rdcu.be/b2cg1},
doi={10.1007/s00283-019-09951-2},
publisher={Springer US},
issn={1866-7414}
}

@unpublished{garcia2020-ellipses,
Author = {Ronaldo Garcia and Dan Reznik and Jair Koiller},
Title = {Loci of 3-periodics in an Elliptic Billiard: why so many ellipses?},
Year = {2020},
Eprint = {arXiv:2001.08041},
url={arxiv.org/abs/2001.08041}
}


@unpublished{garcia2020-poristic,
  author={Ronaldo Garcia and Dan Reznik},
  title={Similar Families: Poristic Triangles and 3-Periodics in the Elliptic Billiard},
  month={April},
  year={2020},
  Eprint = {arXiv:2004.13509},
  url={arxiv.org/abs/2004.13509}
}

@unpublished{garcia2020-new-properties,
Author = {Ronaldo Garcia and Dan Reznik and Jair Koiller},
Title = {New Properties of Triangular Orbits in Elliptic Billiards},
Year = {2020},
Eprint = {arXiv:2001.08054},
url={arxiv.org/abs/2001.08054}
}

@unpublished{arxiv_reznik2020-ballet,
Author = {Dan Reznik and Ronaldo Garcia and Jair Koiller},
Title = {The Ballet of Triangle Centers on the Elliptic Billiard},
Year = {2020},
Eprint = {arXiv:2002.00001},
url={arxiv.org/abs/2002.00001}
}
@article {reznik2020-ballet,
    AUTHOR = {Reznik, Dan S. and Garcia, Ronaldo and Koiller, Jair},
     TITLE = {The ballet of triangle centers on the elliptic billiard},
   JOURNAL = {J. Geom. Graph.},
  FJOURNAL = {Journal for Geometry and Graphics},
    VOLUME = {24},
      YEAR = {2020},
    NUMBER = {1},
     PAGES = {79--101},
      ISSN = {1433-8157},
   MRCLASS = {51N20 (37C83 51M04)},
  MRNUMBER = {4128190},
}
@ARTICLE{garcia2020-deltoid,
Author = {Ronaldo Garcia and Dan Reznik and Hellmuth Stachel and Mark Helman},
Title = {A Family of Constant-Areas Deltoid Associated with the Ellipse},
volume={24},
pages={12--28},
Year = {2020},
journal={KoG},
doi={10.31896/k.24.2}
}
Eprint = {arXiv:2006.13166},
url={arxiv.org/abs/2006.13166}
 
# MEDIA

@MISC{reznik2019-loci-gallery-orbit-exc,
  author={Dan Reznik},
  title={Loci of Triangle Centers X(1)--X(100): Orbits and Excentrals},
  year={2019},
  url={dan-reznik.github.io/Elliptical-Billiards-Triangular-Orbits/loci.html},
  publisher={GitHub}
}

@MISC{reznik2019-loci-gallery-all-derived-tris,
   author = {Dan Reznik},
   title={Loci of Triangle Centers X(1)--X(100): Orbits and 6 Derived Triangles},
   url={dan-reznik.github.io/Elliptical-Billiards-Triangular-Orbits/loci_6tri.html},
   year={2019}
}

@MISC{reznik2019-applet,
author={Dan Reznik},
  title={Applet Showing the Locus of Several Triangular Centers},
  year={2019},
  publisher={P5.js},
  url={editor.p5js.org/dreznik/full/i1Lin7lt7}
}

@MISC{reznik2011-applet,
  author={Dan Reznik},
  title={"Dynamic Billiards in Ellipse"},
  url={demonstrations.wolfram.com/DynamicBilliardsInEllipse/},
  publisher={Wolfram Demonstrations Project},
  year={2011}
}

# REZNIK MISC

@MISC{reznik2019-impa-talk,
   author = {Dan Reznik and Ronaldo Garcia and Jair Koiller},
   title = {Adventures with Triangles and Billiards},
   url={youtu.be/t872mftaI2g},
   publisher={YouTube},
   day={15},
   month={8},
   year={2019},
}

@MISC{reznik2019-impa-article,
   author = {Dan Reznik and Ronaldo Garcia and Jair Koiller},
   title = {Adventures with Triangles and Billiards},
   url={impa.br/en_US/eventos-do-impa/eventos-2019/ 32o-coloquio-brasileiro-de-matematica},
   address={Rio de Janeiro},
   institution = {Instituto Nacional de    Matem√°tica Pura e Aplicada (IMPA)},
   day={31},
   month={7},
   year={2019},
}

@MISC{reznik2019-website,
   author = {Dan Reznik and Ronaldo Garcia and Jair Koiller},
   title={New Properties of Triangular Orbits in Elliptic Billiards},
   url={dan-reznik.github.io/Elliptical-Billiards-Triangular-Orbits/},
   year={2019}
}

@MISC{reznik2019-web-media,
   author = {Dan Reznik and Ronaldo Garcia and Jair Koiller},
   title={Media for Elliptic Billards and Family of Orbits},
   url={dan-reznik.github.io/Elliptical-Billiards-Triangular-Orbits/videos.html},
   year={2019}
}

@MISC{reznik2019-video-incenter,
  author={Dan Reznik},
  title={Triangular Orbits in Elliptic Billiards: Locus of the Incenter is an Ellipse},
  year={2011},
  url={youtu.be/9xU6T7hQMzs},
  publisher={YouTube}
}

@MISC{reznik2019-video-intouchpoints,
  author={Dan Reznik},
  title={Locus of the incircle touchpoints is a higher-order curve},
  year={2011},
  url={youtu.be/9xU6T7hQMzs},
  publisher={YouTube}
}

@MISC{reznik2019-playlist-math-intelligencer,
author={Dan Reznik},
  title={{YouTube} Playlist for Mathematical Intelligencer},
  year={2019},
  publisher={YouTube},
  url={bit.ly/2kTvPPr}
}

@MISC{garcia2020-playlist-why-so-many,
  author={Dan Reznik},
  title={Playlist for {``Loci of 3-periodics in an Elliptic Billiard: why so many ellipses?''}},
  year={2020},
  url={bit.ly/3072LV3},
  publisher={YouTube}
}

@MISC{reznik2020-playlist-intriguing,
  author={Dan Reznik},
  title={Playlist for {``Loci of Triangular Orbits in an Elliptic Billiard: Intriguing Phenomena''}},
  year={2020},
  url={bit.ly/2vvJ9hW},
  publisher={YouTube}
}

